<record><leader>00000cas a22000007a 4500</leader><controlfield tag="001">18922699</controlfield><controlfield tag="008">881219d19091945aludn ne      0    0eng d</controlfield><datafield ind1=" " ind2=" " tag="010"><subfield code="a">sn 88050236 </subfield></datafield><datafield ind1=" " ind2=" " tag="040"><subfield code="a">AAR</subfield><subfield code="b">eng</subfield><subfield code="c">AAR</subfield><subfield code="d">CPN</subfield><subfield code="d">OCLCQ</subfield></datafield><datafield ind1=" " ind2=" " tag="042"><subfield code="a">msc</subfield></datafield><datafield ind1="0" ind2="0" tag="245"><subfield code="a">Talladega daily home.</subfield></datafield><datafield ind1="3" ind2="0" tag="246"><subfield code="a">Daily our mountain home</subfield></datafield><datafield ind1=" " ind2=" " tag="260"><subfield code="a">Talladega, Ala. :</subfield><subfield code="b">Jno. C. Williams,</subfield><subfield code="c">1909-1945.</subfield></datafield><datafield ind1=" " ind2=" " tag="300"><subfield code="a">v.</subfield></datafield><datafield ind1=" " ind2=" " tag="310"><subfield code="a">Daily (except Sun.)</subfield></datafield><datafield ind1="0" ind2=" " tag="362"><subfield code="a">Vol. 1, no. 1 (May 17, 1909)-v. 35, no. 253 (Mar. 5, 1945).</subfield></datafield><datafield ind1=" " ind2=" " tag="500"><subfield code="a">Published as: The Daily our mountain home, May 17-&lt;July 21&gt;, 1909.</subfield></datafield><datafield ind1=" " ind2=" " tag="515"><subfield code="a">Numbering is irregular.</subfield></datafield><datafield ind1=" " ind2=" " tag="752"><subfield code="a">United States</subfield><subfield code="b">Alabama</subfield><subfield code="c">Talladega</subfield><subfield code="d">Talladega.</subfield></datafield><datafield ind1="0" ind2=" " tag="775"><subfield code="t">Our mountain home</subfield><subfield code="w">(DLC)sn 84023593</subfield></datafield><datafield ind1="0" ind2="0" tag="785"><subfield code="t">Talladega mountain home and our mountain home</subfield><subfield code="w">(DLC)sn 88050237</subfield></datafield></record>